% Encoding: US-ASCII

@Book{NielsenChuang,
  author    = {Nielsen, M. and Chuang, I.},
  publisher = {Cambridge University Press},
  title     = {Quantum Computation and Quantum Information},
  year      = {2010},
}

@Article{Martyn2021,
  author  = {Martyn, John M. and Rossi, Zane M. and Tan, Andrew K. and Chuang, Isaac L.},
  journal = {PRX Quantum},
  title   = {Grand unification of quantum algorithms},
  year    = {2021},
  pages   = {040203},
  volume  = {2},
  doi     = {10.1103/PRXQuantum.2.040203},
}

@Article{Low2019,
  author  = {Low, Guang Hao and Chuang, Isaac L.},
  journal = {Quantum},
  title   = {Hamiltonian simulation by qubitization},
  year    = {2019},
  pages   = {163},
  volume  = {3},
  doi     = {10.22331/q-2019-07-12-163},
}

@InProceedings{Gilyen2019,
  author    = {Gily\'{e}n, Andr\'{a}s and Su, Yuan and Low, Guang Hao and Wiebe, Nathan},
  booktitle = {Proceedings of the 51st Annual ACM SIGACT Symposium on Theory of Computing},
  title     = {Quantum singular value transformation and beyond: exponential improvements for quantum matrix arithmetics},
  year      = {2019},
  pages     = {193--204},
  publisher = {Association for Computing Machinery},
  series    = {STOC 2019},
  doi       = {10.1145/3313276.3316366},
}

@Article{BridgemanChubb2017,
  author  = {Bridgeman, Jacob C. and Chubb, Christopher T.},
  journal = {J. Phys. A: Math. Theor.},
  title   = {Hand-waving and interpretive dance: {A}n introductory course on tensor networks},
  year    = {2017},
  pages   = {223001},
  volume  = {50},
  doi     = {10.1088/1751-8121/aa6dc3},
}

@Article{Schollwoeck2011,
  author  = {Ulrich Schollw\"ock},
  journal = {Ann. Physics},
  title   = {The density-matrix renormalization group in the age of matrix product states},
  year    = {2011},
  pages   = {96--192},
  volume  = {326},
  doi     = {10.1016/j.aop.2010.09.012},
}

@Comment{jabref-meta: databaseType:bibtex;}
